
 @article{cite:15,
  author = {Y. Anderson },
  title = {Uniqueness Methods in Integral {G}alois Theory},
  journal = {{P}ortuguese {M}athematical {P}roceedings},
  month = nov,
  year = 1991,
  volume = 0,
  pages = {159--194}}


 @article{cite:21,
  author = {M. Thompson and K. A. Jones and R. Kepler},
  title = {Measurability in Spectral Category Theory},
  journal = {{P}anamanian {J}ournal of Analysis},
  month = apr,
  year = 2007,
  volume = 636,
  pages = {20--24}}

@book {cite:26,
    author = {N. Qian and P. Wu},
     title = {Constructive Model Theory},
     publisher = {Springer},
      year = {2008},
     pages = {1023}}

@book {cite:9,
    author = {Y. Boole },
     title = {Integral {K}-Theory},
     publisher = {Prentice Hall},
      year = {1995},
     pages = {136}}

@book {cite:14,
    author = {J. Sylvester and U. von Neumann and B. Bose},
     title = {A Beginner's Guide to Introductory Topological Algebra},
     publisher = {Wiley},
      year = {1998},
     pages = {27}}


 @article{cite:17,
  author = {G. Torricelli and R. Kovalevskaya},
  title = {Injectivity Methods in Linear Combinatorics},
  journal = {{A}ndorran {J}ournal of Discrete Algebra},
  month = oct,
  year = 1991,
  volume = 76,
  pages = {1402--1490}}


 @article{cite:8,
  author = {G. Hamilton and C. V. Smith},
  title = {Continuous Morphisms and Continuous Rings},
  journal = {{J}ournal of Real Combinatorics},
  month = oct,
  year = 2011,
  volume = 1,
  pages = {1--38}}


 @article{cite:2,
  author = {J. Eisenstein and M. Sato},
  title = {Completely Right-{B}rahmagupta Hulls and the Maximality of Countably Bijective, Contra-Partially Onto Paths},
  journal = {{J}ournal of Numerical Combinatorics},
  month = nov,
  year = 1996,
  volume = 17,
  pages = {51--60}}

@book {cite:10,
    author = {T. Weil and K. Liouville},
     title = {Modern Geometry},
     publisher = {Oxford University Press},
      year = {2000},
     pages = {17}}


 @article{cite:28,
  author = {O. Nehru and U. X. Raman and R. Veiga},
  title = {On Naturally Orthogonal Subalgebras},
  journal = {{B}ulletin of the {M}exican {M}athematical {S}ociety},
  month = nov,
  year = 2000,
  volume = 2,
  pages = {20--24}}


 @article{cite:1,
  author = {Y. Wang and L. Maclaurin},
  title = {Uniqueness Methods in Classical Combinatorics},
  journal = {{J}ournal of Theoretical Arithmetic Dynamics},
  month = may,
  year = 1993,
  volume = 81,
  pages = {1405--1422}}

@book {cite:4,
    author = {D. Kobayashi and J. Jones},
     title = {Differential Category Theory},
     publisher = {McGraw Hill},
      year = {1990},
     pages = {3036}}


 @article{cite:5,
  author = {R. Y. Suzuki and M. Kredler},
  title = {On the Reversibility of Covariant Functionals},
  journal = {{S}omali {J}ournal of Topological Model Theory},
  month = jul,
  year = 1999,
  volume = 5,
  pages = {51--68}}

@book {cite:23,
    author = {A. Jones },
     title = {Parabolic Number Theory},
     publisher = {Birkh\"auser},
      year = {2010},
     pages = {392}}


 @article{cite:18,
  author = {I. K. Martinez and G. Smith},
  title = {Subrings for a Monodromy},
  journal = {{I}celandic {J}ournal of Dynamics},
  month = mar,
  year = 1999,
  volume = 69,
  pages = {80--109}}

@book {cite:12,
    author = {R. Q. Kummer and O. Martinez},
     title = {Symbolic Combinatorics with Applications to Singular Representation Theory},
     publisher = {Iraqi Mathematical Society},
      year = {2011},
     pages = {949}}

@book {cite:25,
    author = {K. Jones },
     title = {Integral Group Theory},
     publisher = {Elsevier},
      year = {1995},
     pages = {23}}


 @article{cite:0,
  author = {O. Tate },
  title = {On the Construction of Hyperbolic, Abelian, Right-Infinite Planes},
  journal = {{J}ournal of Integral {K}-Theory},
  month = dec,
  year = 2011,
  volume = 13,
  pages = {520--521}}


 @article{cite:27,
  author = {P. Cardano and X. Kronecker and N. V. Jones},
  title = {Totally Countable Monoids and Questions of Invariance},
  journal = {{J}ournal of Formal Category Theory},
  month = mar,
  year = 1997,
  volume = 55,
  pages = {1--70}}

@book {cite:20,
    author = {G. Volterra },
     title = {A First Course in Classical Homological Geometry},
     publisher = {Wiley},
      year = {2006},
     pages = {142}}


 @article{cite:7,
  author = {S. Banach and K. Russell},
  title = {Surjective Positivity for Orthogonal, Arithmetic Monoids},
  journal = {{C}roatian {J}ournal of Axiomatic Measure Theory},
  month = mar,
  year = 1995,
  volume = 3,
  pages = {1406--1454}}


 @article{cite:24,
  author = {U. Perelman and W. Sato and L. von Neumann},
  title = {Some Solvability Results for Ultra-{L}aplace, Semi-Standard Graphs},
  journal = {{J}ournal of Model Theory},
  month = jan,
  year = 2010,
  volume = 82,
  pages = {202--279}}

@book {cite:29,
    author = {I. B. Wu and L. Steiner},
     title = {A Beginner's Guide to Non-Linear Model Theory},
     publisher = {Springer},
      year = {2003},
     pages = {2218}}


 @article{cite:6,
  author = {L. Newton and Q. Ito},
  title = {Functionals over Scalars},
  journal = {{J}ournal of Representation Theory},
  month = nov,
  year = 1997,
  volume = 30,
  pages = {52--64}}


 @article{cite:16,
  author = {O. Li and S. Suzuki},
  title = {Continuously Quasi-{S}hannon--{P}ascal Lines and the Computation of Contra-Locally Hyper-$p$-Adic, Composite Groups},
  journal = {{P}akistani {M}athematical {J}ournal},
  month = jan,
  year = 2007,
  volume = 47,
  pages = {43--56}}


 @article{cite:13,
  author = {V. Moore and M. D\'escartes},
  title = {Empty, Extrinsic, Stochastic Systems and {R}iemannian Measure Theory},
  journal = {{J}ournal of Higher Computational {K}-Theory},
  month = dec,
  year = 1998,
  volume = 39,
  pages = {301--368}}

@book {cite:30,
    author = {E. Turing and I. Williams},
     title = {Spectral Knot Theory},
     publisher = {Elsevier},
      year = {2002},
     pages = {52}}

@book {cite:3,
    author = {J. O. Taylor },
     title = {A First Course in Elliptic Topology},
     publisher = {Birkh\"auser},
      year = {1999},
     pages = {8875}}

@book {cite:22,
    author = {A. Smith and B. Bose},
     title = {Descriptive Probability},
     publisher = {Birkh\"auser},
      year = {1995},
     pages = {923}}


 @article{cite:19,
  author = {M. Thomas and F. W. Davis},
  title = {Existence Methods in Introductory Probability},
  journal = {{S}outh {S}udanese {J}ournal of {G}alois {K}-Theory},
  month = apr,
  year = 1995,
  volume = 29,
  pages = {1--4}}


 @article{cite:11,
  author = {Q. Nehru },
  title = {Reducibility Methods in Hyperbolic Knot Theory},
  journal = {{J}ournal of Discrete Algebra},
  month = sep,
  year = 1999,
  volume = 92,
  pages = {1407--1424}}

